@book{LOGICDESIGN,
  title={Logic and Computer Design Fundamentals},
  author={Kime, C.R. and Mano, M. and Mano},
  isbn={9780131794733},
  url={http://books.google.ie/books?id=sDcPAAAACAAJ},
  year={2002},
  publisher={Prentice Hall}
}

@book{INTROALG,
  title={Introduction To Algorithms},
  author={Cormen, T.H. and Leiserson, C.E. and Rivest, R.L. and Stein, C.},
  isbn={9780262032933},
  lccn={00103127},
  url={"http://books.google.ie/books?id=NLngYyWFl\_YC"},
  year={2001},
  publisher={MIT Press}
}

@book{OSCONCEPTS,
  title={Operating System Concepts},
  author={Silberschatz, A. and Galvin, P.B. and Gagne, G.},
  isbn={9780471694663},
  lccn={2004059084},
  series={Operating System Concepts},
  url={http://"books.google.ie/books?id=FH8fAQAAIAAJ"},
  year={2005},
  publisher={J. Wiley \& Sons}
}


@book{JAVACONC,
  title={Java Concurrency in Practice},
  author={Goetz, B. and Peierls, T.},
  isbn={9780321349606},
  lccn={20061220},
  url={http://books.google.ie/books?id=6LpQAAAAMAAJ},
  year={2006},
  publisher={Addison-Wesley}
}

@book{CLEANCODER,
  title={Clean Code: A Handbook of Agile Software Craftsmanship},
  author={Martin, R.C.},
  isbn={9780132350884},
  lccn={2008024750},
  series={Robert C. Martin Series},
  url={http://books.google.ie/books?id=dwSfGQAACAAJ},
  year={2009},
  publisher={Prentice Hall}
}

@Book{CLEANCODE,
  title={The Clean Coder: A Code of Conduct for Professional Programmers},
  author={Martin, R.C.},
  isbn={9780137081073},
  lccn={2011005962},
  series={Robert C. Martin Series},
  url={http://books.google.ie/books?id=ik0qCTVzl44C},
  year={2011},
  publisher={Prentice Hall}
}

@Misc{IMGVON,
Author = {Wikipedia},
Title = {Von-Neumann Architecture with a Single System Bus},
howpublished = {\url{http://en.wikipedia.org/wiki/File:Computer_system_bus.svg}}
}

@Misc{HAMMINGCODE,
Author = {Wikipedia},
Title = {Hamming Code},
howpublished = {\url{http://en.wikipedia.org/wiki/Hamming_code}}
}


@Misc{CACHE,
Author = {Wikipedia},
Title = {Directly Mapped vs. Associatively Mapped Caches},
howpublished = {\url{http://en.wikipedia.org/wiki/File:Cache,associative-fill-both.png}}
}

@Misc{SRLATCH,
Author = {Wikipedia},
Title = {SR Latch},
howpublished = {\url{http://www.allaboutcircuits.com/vol_4/chpt_10/2.html}}
}

@Misc{BRANCHPR,
Author = {Wikipedia},
Title = {Branch Prediction},
howpublished = {\url{http://en.wikipedia.org/wiki/Branch_predictor}}
}

@Misc{INLINECOMPILER,
Author = {Wikipedia},
Title = {Compiler Method Inlining},
howpublished = {\url{http://en.wikipedia.org/wiki/Inline_expansion}}
}


@Misc{GEEKSRAID,
Author = {Geek Stuff},
Title = {RAID Level 1+0 Explained},
howpublished = {\url{http://www.thegeekstuff.com/2010/08/raid-levels-tutorial/}}
}




@Misc{INTELMULTI,
Author = {Shaeem Akhter, Jason Roberts},
Title = {Multi-Core Programming (Sample Chapter)},
publisher={Intel Press},
howpublished = {\url{http://www.intel.com/intelpress/samples/mcp_samplech01.pdf}}
}

@article{RISC-CISC,
  author    = {Farhat Masood},
  title     = {RISC and CISC},
  journal   = {CoRR},
  volume    = {abs/1101.5364},
  year      = {2011},
  ee        = {http://arxiv.org/abs/1101.5364},
  url		= {http://books.google.ie/books?id=d4IZAQAAIAAJ},
  bibsource = {DBLP, http://dblp.uni-trier.de}
}


@article{Patterson,
 author = {Patterson, David A. and Gibson, Garth and Katz, Randy H.},
 title = {A case for redundant arrays of inexpensive disks (RAID)},
 journal = {SIGMOD Rec.},
 issue_date = {June 1988},
 volume = {17},
 number = {3},
 month = jun,
 year = {1988},
 issn = {0163-5808},
 pages = {109--116},
 numpages = {8},
 url = {http://www.liacs.nl/~nikolov/StudSem/CA_RAID.pdf},
 doi = {10.1145/971701.50214},
 acmid = {50214},
 publisher = {ACM},
 address = {New York, NY, USA}
} 


@Misc{LYNCH-68K,
  author    = {David Lynch},
  title     = {A Motorola 68k Op-Code Compatible CPU},
  publisher = {University of Dublin, Trinty College Technical Report},
  howpublished  = {\url{http://www.cs.tcd.ie/Michael.Manzke/fyp2003-2004/DavidLynch.pdf}}
}

@Misc{INTELSWDEV,
  author    = {Intel Inc.},
  title     = {The Intel 64 and I-32 Architectures - Software Development Manual},
  publisher = {Intel Inc.},
  howpublished  = {\url{http://download.intel.com/products/processor/manual/326019.pdf}}
}

@Misc{ZFS,
  author    = {Sun Microsystems},
  title     = {The ZFS Filesystem},
  publisher = {Sun Microsystems.},
  howpublished  = {\url{http://web.archive.org/web/20060428092023/http://www.sun.com/2004-0914/feature/}}
}

@Misc{JAVASYNC,
  author    = {Sun Microsystems},
  title     = {Java Thread Synchronization },
  publisher = {Sun Microsystems},
  howpublished  = {\url{http://docs.oracle.com/javase/tutorial/essential/concurrency/sync.html}}
}




@Misc{EXT,
  author    = {Card R Tso T Tweedie S},
  title     = {Design And Implementation of the Second Extended Filesystem},
  publisher = {Massachussets Institute of Technology},
  howpublished  = {\url{http://web.mit.edu/tytso/www/linux/ext2intro.html}}
}

@Misc{NTFS,
  author    = {Microsoft Technet},
  title     = {The NTFS filesystem},
  publisher = {Microsoft},
  howpublished  = {\url{http://technet.microsoft.com/en-us/library/cc778410(v=ws.10).aspx}}
}

@Misc{WIN32API,
  author    = {Microsoft Developer Network},
  title     = {The Win32 API},
  publisher = {Microsoft},
  howpublished  = {\url{http://msdn.microsoft.com/en-us/library/windows/desktop/ff818516(v=vs.85).aspx}}
}

@Misc{POSIXAPI,
  author    = {The IEEE Open Group},
  title     = {The POSIX.1-2008 Standard},
  publisher = {The IEEE Open Group},
  howpublished  = {\url{http://pubs.opengroup.org/onlinepubs/9699919799/toc.htm}}
}

@Misc{LINUSTANNEN,
  author    = {O'Reilly Open Sources},
  title     = {The Tanenbaum-Torvalds Debate},
  publisher = {O'Reilly Online},
  howpublished  = {\url{http://oreilly.com/catalog/opensources/book/appa.html}}
}

@Misc{VIRTUALBOX,
  author    = {Oracle},
  title     = {Virtual Box},
  publisher = {Oracle},
  howpublished  = {\url{https://www.virtualbox.org/}}
}

@Misc{THREADLOCAL,
  author    = {Oracle},
  title     = {Java API Documentation},
  publisher = {Oracle},
  howpublished  = {\url{http://docs.oracle.com/javase/1.5.0/docs/api/java/lang/ThreadLocal.html/}}
}


@Misc{INSANIM,
  author    = {Oracle},
  title     = {Java API Documentation},
  publisher = {Oracle},
  howpublished  = {\url{http://en.wikipedia.org/wiki/File:Insertion_sort_animation.gif}}
}


@Misc{GITHUB,
  author    = {David Lynch},
  title     = {Course Public GitHub Repository},
  publisher = {David Lynch},
  howpublished  = {\url{https://github.com/lynchd/dit-techfundamentals.git}}
}


@book{68KREF,
    title={M68000 family programmer's reference manual},
    author={Motorola},
    lccn={94226593},
    url={http://books.google.ie/books?id=d4IZAQAAIAAJ},
    year={1989},
    publisher={Motorola Inc.}
}


@inproceedings{Peterson,
 author = {Peterson, Gary L. and Fischer, Michael J.},
 title = {Economical solutions for the critical section problem in a distributed system (Extended Abstract)},
 booktitle = {Proceedings of the ninth annual ACM symposium on Theory of computing},
 series = {STOC '77},
 year = {1977},
 location = {Boulder, Colorado, United States},
 pages = {91--97},
 numpages = {7},
 url = {http://doi.acm.org/10.1145/800105.803398},
 doi = {10.1145/800105.803398},
 acmid = {803398},
 publisher = {ACM},
 address = {New York, NY, USA},
} 


